@Article{Cowley57,
  title={The scattering of electrons by atoms and crystals. I. A new theoretical approach},
  author={Cowley, J. M. and Moodie, A. F.},
  journal={Acta Crystallographica},
  volume={10},
  number={10},
  pages={609--619},
  year={1957},
}

@Article{Whelan57,
  title={Electron diffraction from crystals containing stacking faults: II},
  author={Whelan, M. J. and Hirsch, P. B.},
  journal={Philosophical Magazine},
  volume={2},
  number={23},
  pages={1303--1324},
  year={1957}
}


@Article{Piercy63,
  title={Experimental evidence for the increase of heavy ion ranges by channeling in crystalline structure},
  author={Piercy, G. R. and Brown, F. and Davies, J. A. and McCargo, M.},
  journal={Physical Review Letters},
  volume={10},
  number={9},
  pages={399},
  year={1963},
  publisher={APS}
}



@Article{Lindhard65,
  title={Influence of Crystal Lattice on Motion of energetic charged particles},
  author={Lindhard, J.},
  journal={Kgl. Danske Vidensk. Selskab. Mat. Fys. Medd},
  volume={34},
  number={14},
  pages={64},
  year={1965}
}


@Article{Gevers66,
  title={Extension of the Howie-Whelan Equations for Electron Diffraction to Non-Centro Symmetrical Crystals},
  author={Gevers, R. and Blank, H. and Amelinckx, S.},
  journal={physica status solidi (b)},
  volume={13},
  number={2},
  pages={449--465},
  year={1966}
}


@Article{Dearnaley68,
  title={Proton channelling through thin crystals},
  author={Dearnaley, G. and Mitchell, I. V. and Nelson, R. S. and Farmery, B. W. and Thompson, M. W.},
  journal={Philosophical Magazine},
  volume={18},
  number={155},
  pages={985--1016},
  year={1968}
}

@Article{Uggerhoj68,
  title={Influence of lattice structure on motion of positrons and electrons through single crystals},
  author={Uggerh{\o}j, E. and Andersen, J. U.},
  journal={Canadian Journal of Physics},
  volume={46},
  number={6},
  pages={543--550},
  year={1968},
}

@Article{Uggerhoj69,
  title={Fast-Electron Channeling investigated by means of {R}utherford scattering},
  author={Uggerh{\o}j, E. and Frandsen, F.},
  journal={Physical Review B},
  volume={2},
  number={3},
  pages={582--590},
  year={1969},
}


@article{Spencer72,
  title={A dynamical theory for the contrast of perfect and imperfect crystals in the scanning electron microscope using backscattered electrons},
  author={Spencer, J. P. and Humphreys, C. J. and Hirsch, P. B.},
  journal={Philosophical Magazine},
  volume={26},
  number={1},
  pages={193--213},
  year={1972}
}



@Article{Serneels73,
  title={Friedel's Law in Electron Diffraction as Applied to the Study of Domain Structures in Non-Centrosymmetrical Crystals},
  author={Serneels, R. and Snykers, M. and Delavignette, P. and Gevers, R. and Amelinckx, S.},
  journal={physica status solidi (b)},
  volume={58},
  number={1},
  pages={277--292},
  year={1973}
}


@inproceedings{Saldin78,
  title={Electron Diffraction 1927--1977},
  author={Saldin, D. K. and Whelan, M. J. and Rossouw, C. J.},
  booktitle={Inst. Phys. Conf. Set},
  volume={41},
  pages={50--56},
  year={1978}
}


@Article{Sheinin79,
  title={On the validity of assuming symmetrical {L}aue diffraction conditions in calculations of diffraction contrast},
  author={Sheinin, S. S. and Jap, B. K.},
  journal={physica status solidi (b)},
  volume={91},
  number={2},
  pages={407--412},
  year={1979}
}


@article{VanDyck80,
  title={Fast computational procedures for the simulation of structure images in complex or disordered crystals: a new approach},
  author={Van Dyck, D.},
  journal={Journal of Microscopy},
  volume={119},
  number={1},
  pages={141--152},
  year={1980},
}

@Article{Davies83,
  title={The channeling phenomenon-and some of its applications},
  author={Davies, J.A.},
  journal={Physica Scripta},
  volume={28},
  number={3},
  pages={294},
  year={1983}
}

@Article{Franklin88,
  title={Channelling ion image contrast and sputtering in gold specimens observed in a high-resolution scanning ion microscope},
  author={Franklin, R. E. and Kirk, E. C. G.  and Cleaver, J. R. A. and Ahmed, H.},
  journal={Journal of Materials Science Letters},
  volume={7},
  number={1},
  pages={39--41},
  year={1988},
  publisher={Springer}
}


@article{Weickenmeier91,
  title={Computation of absorptive form factors for high-energy electron diffraction},
  author={Weickenmeier, A. and Kohl, H.},
  journal={Acta Crystallographica Section A},
  volume={47},
  number={5},
  pages={590--597},
  year={1991}
}


@Article{Assmann99,
  title={Transverse Cooling or Heating of Channeled Ions by Electron Capture and Loss},
  author={Assmann, W. and Huber, H. and Karamian, S. A. and Gr{\"u}ner, F. and Mieskes, H. D. and Andersen, J. U. and Posselt, M. and Schmidt, B. },
  journal={Physical Review Letters},
  volume={83},
  number={9},
  pages={1759},
  year={1999}
}


@Book{Rymer70,
  title={Electron diffraction},
  author={Rymer, T. B.},
  volume={108},
  year={1970},
  publisher={Methuen}
}


@Article{Joy82,
  title={Electron channeling patterns in the scanning electron microscope},
  author={Joy, D. C. and Newbury, D. E. and Davidson, D. L.},
  journal={Journal of Applied Physics},
  volume={53},
  number={8},
  pages={R81-R122},
  year={1982},
}

@Book{TheoryandPractice,
  title={Theory and Practice of electron diffraction},
  author={Thomson, G. P.  and Cochrane, W.},
  publisher={Macmillian and Co.},
  year={1939}
}



@Book{IntTableCrysC,
  title={International Tables for Crystallography Vol. C, Mathematical, Physical and Chemical Tables},
  author={Wilson, A. J. C. and Prince, E.},
  publisher={Dordrecht, Holland},
  year={1999}
}

@Booklet{Andersen14,
  title={Notes on Channeling},
  author={Andersen, J. U.},
  address={University of Aarhus},
  year={2014}
}


@article{sympy,
  title={SymPy: symbolic computing in Python},
  author={Meurer, A. and Smith, C. P. and Paprocki, M. and {\v{C}}ert{\'\i}k, Ond{\v{r}}ej and Kirpichev, Sergey B and Rocklin, Matthew and Kumar, AMiT and Ivanov, Sergiu and Moore, Jason K and Singh, Sartaj and others},
  journal={PeerJ Computer Science},
  volume={3},
  year={2017},
  pages={e103},
  publisher={PeerJ Inc.}
}