@article{Tunstall64,
  title={Effects of surface stress relaxation on the electron microscope images of dislocations normal to thin metal foils},
  author={Tunstall, W. J. and Hirsch, P. B. and Steeds, J.},
  journal={Philosophical Magazine},
  volume={9},
  number={97},
  pages={99--119},
  year={1964},
}

@article{Morin79,
  title={Electron--channelling imaging in scanning electron microscopy},
  author={Morin, P. and Pitaval, M. and Besnard, D. and Fontaine, G.},
  journal={Philosophical Magazine A},
  volume={40},
  number={4},
  pages={511--524},
  year={1979}
}




@Article{Rosner97,
  title={Correlation of cathodoluminescence inhomogeneity with microstructural defects in epitaxial GaN grown by metalorganic chemical-vapor deposition},
  author={Rosner, S. J. and Carr, E. C. and Ludowise, M. J. and Girolami, G. and Erikson, H. I.},
  journal={Applied physics letters},
  volume={70},
  number={4},
  pages={420--422},
  year={1997},
  publisher={AIP}
}

@Article{Koinkar97,
  title={Scanning and transmission electron microscopies of single-crystal silicon microworn/machined using atomic force microscopy},
  author={Koinkar, V. N. and Bhushan, B.},
  journal={Journal of materials research},
  volume={12},
  number={12},
  pages={3219--3224},
  year={1997},
  publisher={Cambridge University Press}
}

@Article{Heinke00,
  title={X-ray diffraction analysis of the defect structure in epitaxial GaN},
  author={Heinke, H. and Kirchner, V. and Einfeldt, S. and Hommel, D.},
  journal={Applied Physics Letters},
  volume={77},
  number={14},
  pages={2145--2147},
  year={2000},
  publisher={AIP}
}


@Article{Hino00,
  title={Characterization of threading dislocations in GaN epitaxial layers},
  author={Hino, T. and Tomiya, S. and Miyajima, T. and Yanashima, K. and Hashimoto, S. and Ikeda, M.},
  journal={Applied Physics Letters},
  volume={76},
  number={23},
  pages={3421--3423},
  year={2000}
}




@article{Crimp01,
  title={Demonstration of the $g \cdot b \times u= 0$ edge dislocation invisibility criterion for electron channelling contrast imaging},
  author={Crimp, M. A. and Simkin, B. A.  and Ng, B. C.},
  journal={Philosophical magazine letters},
  volume={81},
  number={12},
  pages={833--837},
  year={2001},
}

@article{Crimp06,
  title={Scanning electron microscopy imaging of dislocations in bulk materials, using electron channeling contrast},
  author={Crimp, Martin A},
  journal={Microscopy research and technique},
  volume={69},
  number={5},
  pages={374--381},
  year={2006}
}


@Article{Picard,
  title={Electron channeling contrast imaging of atomic steps and threading dislocations in 4 H-Si C},
  author={Picard, YN and Twigg, ME and Caldwell, JD and Eddy Jr, CR and Neudeck, PG and Trunek, AJ and Powell, JA},
  journal={Applied physics letters},
  volume={90},
  number={23},
  pages={234101},
  year={2007},

}


@Article{Craven02,
  title={Structural characterization of nonpolar (1120) a-plane GaN thin films grown on (1102) r-plane sapphire},
  author={Craven, M. D. and Lim, S. H. and Wu, F. and Speck, J. S. and DenBaars, S. P.},
  journal={Applied Physics Letters},
  volume={81},
  number={3},
  pages={469--471},
  year={2002}
}




@Article{Nouf, 
title = {}, 
journal = {Phys. Rev. B}, 
year = {forthcoming}, 
author = {Nouf-Allehiani, M. and Kusch, G. and Naresh-Kumar, G. and Edwards, P. R. and E. Pascal and R. Johnston, S. Kraeusel and B. Hourahine and C. Trager-Cowan}
}


@book{Read53,
  title={Dislocations in crystals},
  author={Read, William Thornton},
  volume={53},
  year={1953},
  publisher={McGraw-Hill New York}
}


@article{casino,
  title={CASINO V2. 42—a fast and easy-to-use modeling tool for scanning electron microscopy and microanalysis users},
  author={Drouin, Dominique and Couture, Alexandre R{\'e}al and Joly, Dany and Tastet, Xavier and Aimez, Vincent and Gauvin, Raynald},
  journal={Scanning: The Journal of Scanning Microscopies},
  volume={29},
  number={3},
  pages={92--101},
  year={2007},
}


@incollection{Hindmarsh85,
  title={Current methods for large stiff ODE systems},
  author={HINDMARSH, Alan C},
  booktitle={Numerical Mathematics and Applications},
  pages={135--144},
  year={1985},
}


@article{Gunnar,
  title={Spatial clustering of defect luminescence centers in Si-doped low resistivity Al0. 82Ga0. 18N},
  author={Kusch, Gunnar and Nouf-Allehiani, M and Mehnke, Frank and Kuhn, Christian and Edwards, Paul R and Wernicke, Tim and Knauer, Arne and Kueller, Viola and Naresh-Kumar, G and Weyers, Markus and others},
  journal={Applied Physics Letters},
  volume={107},
  number={7},
  pages={072103},
  year={2015},
}


@article{Karpov02,
  title={Dislocation effect on light emission efficiency in gallium nitride},
  author={Karpov, Sergey Yu and Makarov, Yuri N},
  journal={Applied Physics Letters},
  volume={81},
  number={25},
  pages={4721--4723},
  year={2002},
}


@article{Lester95,
  title={High dislocation densities in high efficiency GaN-based light-emitting diodes},
  author={Lester, SD and Ponce, FA and Craford, MG and Steigerwald, DA},
  journal={Applied Physics Letters},
  volume={66},
  number={10},
  pages={1249--1251},
  year={1995}
}



@article{ElenaECCI,
title = "Dislocation contrast in electron channelling contrast images as projections of strain-like components",
abstract = "The forward scattering geometry in the scanning electron microscope enables the acquisition of electron channelling contrast imaging (ECCI) micrographs. These images contain diffraction information from the beam of electrons “channelling in” into the sample. Since small, localised strains strongly affect the electron diffraction, defects which introduce lattice displacement in the region of the surface the electron beam is interacting with will be revealed as district variation in backscattered electron intensity. By acquiring multiple images from the same area in different diffraction conditions and comparing them against modelled predictions of defect strain sampled by diffraction, it is possible to characterise these defects. Here we discuss the relation between the elastic strain introduced by a threading dislocation intersecting the surface and the contrast features observed in the electron channelling contrast image of that region. Preliminary simulated channelling contrast images are shown for dislocations with known line direction and Burgers vectors using a two-beam dynamical diffraction model. These are demonstrated to be in qualitative agreement with measured images of dislocated polar wurtzite GaN acquired with two different diffraction condition.",
keywords = "electron channelling contrast imaging (ECCI), dislocations, scanning electron microscope (SEM), image simulation, defect imaging",
author = "E. Pascal and B. Hourahine and G. Naresh-Kumar and K. Mingard and C. Trager-Cowan",
year = "2018",
month = "6",
day = "12",
doi = "10.1016/j.matpr.2018.03.057",
language = "English",
volume = "5",
pages = "14652–14661",
journal = "Materials Today: Proceedings",
issn = "2214-7853",
number = "Issue 6, Part 3",
}


@article{Picard14,
  title={Theory of dynamical electron channeling contrast images of near-surface crystal defects},
  author={Picard, YN and Liu, M and Lammatao, J and Kamaladasa, R and De Graef, M},
  journal={Ultramicroscopy},
  volume={146},
  pages={71--78},
  year={2014},
  publisher={Elsevier}
}


@article{Twigg09,
  title={Simulation and analysis of electron channeling contrast images of threading screw dislocations in 4 H-SiC},
  author={Twigg, ME and Picard, YN},
  journal={Journal of Applied Physics},
  volume={105},
  number={9},
  pages={093520},
  year={2009},
  publisher={AIP}
}


@article{Rossouw94,
  title={Zone-axis back-scattered electron contrast for fast electrons},
  author={Rossouw, CJ and Miller, PR and Josefsson, TW and Allen, LJ},
  journal={Philosophical Magazine A},
  volume={70},
  number={6},
  pages={985--998},
  year={1994},
  publisher={Taylor \& Francis}
}

@article{Winkelmann07,
  title={Many-beam dynamical simulation of electron backscatter diffraction patterns},
  author={Winkelmann, Aimo and Trager-Cowan, Carol and Sweeney, Francis and Day, Austin P and Parbrook, Peter},
  journal={Ultramicroscopy},
  volume={107},
  number={4-5},
  pages={414--421},
  year={2007},
  publisher={Elsevier}
}


@article{Eshelby51,
  title={CXL. Dislocations in thin plates},
  author={Eshelby, J\_D and Stroh, AN},
  journal={The London, Edinburgh, and Dublin Philosophical Magazine and Journal of Science},
  volume={42},
  number={335},
  pages={1401--1405},
  year={1951},
  publisher={Taylor \& Francis}
}


@book{Nabarro67,
  title={Theory of crystal dislocations},
  author={Nabarro, Frank RN},
  year={1967},
  publisher={Clarendon Pr.}
}

@Book{Hirthbook,
author = {Hirth, J. P. and Lothe, J.},
title = {Theory of dislocations},
publisher = {Krieger publishing company},
year = {1982}
}

@Article{Eshelby,
title={CXL. Dislocations in thin plates},
author={Eshelby, J. D. and Stroh, A. N.},
journal={The London, Edinburgh, and Dublin Philosophical Magazine and Journal of Science},
volume={42},
number={335},
year={1951}
}

@Article{Head,
title={Edge dislocations in inhomogeneous media},
author={Head, A. K.},
journal={Proceedings of the Physical Society B},
volume={66},
number={9},
pages={793},
year={1953}
}

@Article{Yoffe,
title={A dislocation at a free surface},
author={Yoffe, E. H.},
journal={Philosophical Magazine},
volume={6},
number={69},
year={1961}
}