@Article{Herzog,
title={High-Efficiency Zn-Diffused GaAs Electroluminescent Diodes},
author={Herzog, A. H. and Keune, D. L. and Craford, M. G.},
journal={Journal of Applied Physics},
volume={43},
number={2},
year={1972}
}


@Article{Graham,
author = {Graham, D. M. and Soltani-Vala, A. and Dawson, M. J. and Godfrey, T. M. and Smeeton, J. S. and Barnard, M. J. and Kappers, C. J. and Humphreys and Thrush, E. J.},
title = {Optical and microstructural studies of InGaN/GaN single-quantum-well structures},
journal = {Journal of Applied Physics},
year = {2005},
volume = {97}
}

@Article{Moram,
title={On the origin of threading dislocations in GaN films},
author={Moram, M. A. and Ghedia, C. S. and Rao, D. V. S. and Barnard, J. S. and Zhang, Y. and Kappers, M. J. and Humphreys, C. J.},
journal={Journal of Applied Physics},
volume={106},
number={7},
year={2009}
}

@Article{Jani,
title={Design and characterization of GaN/ InGaN solar cells},
author={Jani, O. and Ferguson, I. and Honsberg, C. and Kurtz, S.},
journal={Applied Physics Letters},
volume={91},
number={13},
year={2007}
}

@Article{Kamiyama,
title={U{V} Light-Emitting Diode Fabricated on Hetero-{ELO}-Grown {A}l0. 22{G}a0. 78{N} with Low Dislocation Density},
author={Kamiyama, S. and Iwaya, M. and Takanami, S. and Terao, S. and Miyazaki, A. and Amano, H. and Akasaki, I.},
journal={Physica Status Solidi (a)},
volume={192},
number={2},
year={2002}
}

@Article{Bougrioua,
title={Some benefits of Fe doped less dislocated GaN templates for AlGaN/GaN HEMTs grown by MOVPE},
author={Bougrioua, Z. and Azize, M. and Lorenzini, P. and La{\"u}gt, M. and Haas, H.},
journal={Physica Status Solidi (a)},
volume={202},
number={4},
year={2005}
}

@Article{Ferdous,
author = {Ferdous, M. S. and Wang, X. and Fairchild, M. N. and Hersee, S. D.},
title = {Effect of threading defects on InGaN/GaN multiple quantum well light emitting diodes},
journal = {Applied Physics Letters},
year = {2007},
volume = {91}
}

@Article{Limb,
title={GaN ultraviolet avalanche photodiodes with optical gain greater than 1000 grown on GaN substrates by metal-organic chemical vapor deposition},
author={Limb, J. B. and Yoo, D. and Ryou, J. H. and Lee, W. and Shen, S. C. and Dupuis, R. D. and Reed, M. L. and Collins, C. J. and Wraback, M. and Hanser, D. and others},
journal={Applied Physics Letters},
volume={89},
number={1},
year={2006}
}

@Article{Disanto,
title={Ozone passivation of slow transient current collapse in AlGaN/ GaN field-effect transistors: The role of threading dislocations and the passivation mechanism},
author={DiSanto, D. W. and Sun, H. F. and Bolognesi, C. R.},
journal={Applied Physics Letters},
volume={88},
number={1},
year={2006}
}

@Article{nitrides,
title={Growth and applications of group III-nitrides},
author={Ambacher, O.},
journal={Journal of Physics D: Applied Physics},
volume={31},
number={20},
year={1998}
}

@misc{Nobel49,
   author = {Nobelprize.org},
   title = {The Nobel Prize in Physiology or Medicine},
   year = {1949},
   note = {Web. 9 Aug 2018},
   publisher = {Nobel Media AB 2014},
   url = {https://www.nobelprize.org/nobel_prizes/medicine/laureates/1949},
}


@Article{Miu2018,
title={Innovation and cumulative culture through tweaks and leaps in online programming contests},
author={Miu, E. and Gulley, N. and Laland, K. N. and Rendell, L},
journal={Nature Communications},
volume={9},
number={2321},
year={2018}
}

@Book{GaNparam,
title={Properties of Advanced Semiconductor Materials: {GaN}, {AIN}, {InN}, {BN}, {SiC}, {SiGe}},
author={Levinshtein, M. E. and Rumyantsev, S. L. and Shur, M. S.},
year={2001},
publisher={John Wiley \& Sons}
}

@Book{Dennett,
title={From bacteria to Bach and back: The evolution of minds},
author={Dennett,  D. C.},
year={2017},
publisher={WW Norton \& Company}
}


@misc{supercool,
   author =       {Smart, A. G.  },
   title =        {The war over supercooled water},
   editor =       {Physics Today},
   year =         {2018},
   doi =          {DOI:10.1063/PT.6.1.20180822a}
 }


@misc{myGitHub,
  author = {Pascal, E.},
  address = {University of Strathclyde},
  title = {SEM-diffraction},
  year = {2015-2018},
  publisher = {GitHub},
  journal = {GitHub repository},
  url = {https://github.com/elena-pascal/SEM-diffraction}
}

@misc{Conda,
  title={Anaconda: Completely Free Enterprise-Ready Python Distribution for Large-Scale Data Processing, Predictive Analytics, and Scientific Computing},
  author={Analytics, Continuum},
  url={https://www.anaconda.com/}
}

@Article{Jupyter,
  title={Project Jupyter: Computational narratives as the engine of collaborative data science},
  author={Perez, F. and Granger, B. E.},
  journal={Retrieved September},
  volume={11},
  year={2015}
}

@Online{Plotly,
  author = {Plotly Technologies Inc.}, 
  title = {Collaborative data science}, 
  publisher = {Plotly Technologies Inc.}, 
  address = {Montreal, QC}, 
  year = {2015}, 
  url = {https://plot.ly} }



@Article{Carol,
author = {Trager-Cowan, C. and Sweeney, F. and Trimby, P. W. and Day, A. P. and Gholinia, A. and Schmidt, N. H. and Parbrook, P. J. and Wilkinson, A. J. and Watson, I. M.},
title = {Electron backscatter diffraction and electron channeling contrast imaging of tilt and dislocations in nitride thin films},
journal = {Physical Review B},
year = {2007},
volume = {75}
}

@Article{Naresh,
title={Rapid nondestructive analysis of threading dislocations in wurtzite materials using the scanning electron microscope},
author={Naresh-Kumar, G. and Hourahine, B. and Edwards, P. R. and Day, A. P. and Winkelmann, A. and Wilkinson, A. J. and Parbrook, P. J. and England, G. and Trager-Cowan, C.},
journal={Physical Review Letters},
volume={108},
number={13},
year={2012}
}


@article{ETdetector,
  title={Wide-band detector for micro-microampere low-energy electron currents},
  author={Everhart, T. E. and Thornley, R. F. M.},
  journal={Journal of scientific instruments},
  volume={37},
  number={7},
  year={1960},
  publisher={IOP Publishing}
}

@article{Paul11,
  title={Cathodoluminescence nano-characterization of semiconductors},
  author={Edwards, P. R. and Martin, R. W.},
  journal={Semiconductor Science and Technology},
  volume={26},
  number={6},
  year={2011},
}

@article{Boersch37,
  title={About bands in electron diffraction},
  author={Boersch, H.},
  journal={Physikalische Zeitschrift},
  volume={38},
  year={1937}
}