@Book{Hirthbook,
author = {Hirth, J. P. and Lothe, J.},
title = {Theory of dislocations},
publisher = {Krieger publishing company},
year = {1982}
}

@Article{Eshelby,
title={CXL. Dislocations in thin plates},
author={Eshelby, J. D. and Stroh, A. N.},
journal={The London, Edinburgh, and Dublin Philosophical Magazine and Journal of Science},
volume={42},
number={335},
year={1951}
}

@Article{Head,
title={Edge dislocations in inhomogeneous media},
author={Head, A. K.},
journal={Proceedings of the Physical Society B},
volume={66},
number={9},
pages={793},
year={1953}
}

@Article{Yoffe,
title={A dislocation at a free surface},
author={Yoffe, E. H.},
journal={Philosophical Magazine},
volume={6},
number={69},
year={1961}
}