@Article{Friedrich12,
  title={Interference phenomena with R{\"o}ntgen rays},
  author={Friedrich, W. and Knipping, P. and Laue, M. V.},
  journal={Sitzber. Math-phys. Kl. bayer. Akad. Wiss. Manche},
  volume={22},
  pages={303},
  year={1912}
}

@Article{Bragg13,
  title={The reflection of {X}-rays by crystals},
  author={Bragg, W. H. and Bragg, B.A. WL. },
  journal={Proceedings of the Royal Society of London A},
  volume={88},
  number={605},
  pages={428--438},
  year={1913},
  publisher={The Royal Society}
}

@Article{Darwin14,
  title={The theory of {X}-ray reflexion},
  author={Darwin, C. G.},
  journal={The London, Edinburgh, and Dublin Philosophical Magazine and Journal of Science},
  volume={27},
  number={158},
  pages={315--333},
  year={1914},
  publisher={Taylor \& Francis}
}

@Article{Ewald17,
  title={Zur begr{\"u}ndung der kristalloptik},
  author={Ewald, P. P.},
  journal={Annalen der Physik},
  volume={359},
  number={23},
  pages={519--556},
  year={1917},
  publisher={Wiley Online Library}
}

@Article{Darwin22,
  title={XCII. The reflexion of {X}-rays from imperfect crystals},
  author={Darwin, C. G.},
  journal={The London, Edinburgh, and Dublin Philosophical Magazine and Journal of Science},
  volume={43},
  number={257},
  pages={800--829},
  year={1922},
  publisher={Taylor \& Francis}
}


@Article{Thomson27,
  title={Diffraction of cathode rays by a thin film},
  author={Thomson, G. P. and Reid, A.},
  journal={Nature},
  volume={119},
  number={3007},
  pages={890},
  year={1927},
  publisher={Nature Publishing Group}
}

@Article{Davisson27,
  title={Diffraction of electrons by a crystal of nickel},
  author={Davisson, C. and Germer, L. H.},
  journal={Physical review},
  volume={30},
  number={6},
  pages={705},
  year={1927},
  publisher={APS}
}

@Article {Bethe28,
  title = {Theory on the diffraction of electrons in crystals},
  author = {Bethe, H.},
  journal = {Annalen der Physik},
  volume = {392},
  number = {17},
  pages = {55-129},
  year = {1928},
}

@Article{Nishikawa28,
  title={Diffraction of cathode rays by calcite},
  author={Nishikawa, S. and Kikuchi, S.},
  journal={Nature},
  volume={122},
  number={3080},
  pages={726},
  year={1928},
  publisher={Nature Publishing Group}
}

@Article{Prins30,
  title={Die Reflexion von R{\"o}ntgenstrahlen an absorbierenden idealen Kristallen},
  author={Prins, J.A.},
  journal={Zeitschrift f{\"u}r Physik},
  volume={63},
  number={7-8},
  pages={477--493},
  year={1930},
  publisher={Springer}
}

@incollection{Laue31,
  title={Die dynamische Theorie der R{\"o}ntgenstrahlinterferenzen in neuer Form},
  author={Laue, M. von},
  booktitle={Ergebnisse der exakten naturwissenschaften},
  pages={133--158},
  year={1931},
  publisher={Springer}
}

@Article{Knoll32,
  title={Das elektronenmikroskop},
  author={Knoll, M. and Ruska, E.},
  journal={Zeitschrift f{\"u}r Physik},
  volume={78},
  number={5-6},
  pages={318--339},
  year={1932},
  publisher={Springer}
}


@Article {Ardenne38,
  title = {The Electron Scanning Microscope},
  author = {Ardenne, M. von},
  journal = {Journal of Physics},
  volume = {109},
  number = {9-10},
  pages = {553-572},
  year = {1938},
  publisher = { Springer}
}

@Article{Hirsch60,
author = {Hirsch, P. B. and Howie, A. and Whelan, M. J.},
title = {A kinematical theory of diffraction contrast of electrons transmission microscope images of dislocations and other defects},
journal = {Philosophical Transactions A},
year = {1960},
volume = {252}
}

@inproceedings{Howie61,
author = {Howie, A. and Whelan, M. J.},
title = {Diffraction contrast of electron microscope images of crystal lattice defects - {II}. {T}he development of a dynamical theory},
booktitle = {Proceedings of Royal Society of London A},
year = {1961},
volume = {263}
}


@Article{Frank65,
title={On {M}iller-{B}ravais Indices and four-dimensional {V}ectors},
author={Frank, F. C.},
journal={Acta Crystalographica},
volume={18},
number={862},
year={1965}
}

@Article{Nicholas66,
title={The simplicity of {M}iller-{B}ravais indexing},
author={Nicholas, J. F.},
journal={Acta Crystalographica},
volume={21},
number={880},
year={1966}
}

@Article{Coates67,
title={Kikuchi-like reflection patterns obtained with the scanning electron microscope},
author={Coates, D. G.},
journal={Philosophical magazine},
volume={16},
number={144},
pages={1179--1184},
year={1967},
publisher={Taylor \& Francis}
}

@Article{Booker67,
  title={Some comments on the interpretation of the ‘kikuchi-like reflection patterns’ observed by scanning electron microscopy},
  author={Booker, G. R. and Shaw, A. M. B. and Whelan, M. J. and Hirsch, P. B.},
  journal={Philosophical magazine},
  volume={16},
  number={144},
  pages={1185--1191},
  year={1967},
  publisher={Taylor \& Francis}
}

@Article{Brandt68,
  title={Channeling in crystals},
  author={Brandt, Werner},
  journal={Scientific American},
  volume={218},
  number={3},
  pages={90--101},
  year={1968}
}


@Article{Doyle68,
author = {Doyle, P. A. and Turner, P. S.},
title = {Relativistic Hartree-Fock X-ray and electron scattering factors},
journal = {Acta Crystallographica},
year = {1968},
volume = {24}
}

@Article{Okamoto68,
author = {Okamoto, P.R. and Thomas, G},
title = {On the Four-Axis Hexagonal Reciprocal Lattice and its use in Indexing of {T}ransmission {E}lectron {D}iffraction {P}atterns},
journal = {phys. stat. sol.},
year = {1968},
volume = {25}
}

@inproceedings{Hirsch70,
title={The Deformation of Single Crystals of Copper and Copper-Zinc Alloys Containing Alumina Particles. I. Macroscopic Properties and Workhardening Theory},
author={Hirsch, P. B. and Humphreys, F. J.},
booktitle={Proceedings of the Royal Society of London A},
volume={318},
year={1970}
}

@Article{Clarke71,
title={Calculations of lattice defect images for scanning electron microscopy},
author={Clarke, D. R. and Howie, A.},
journal={Philosophical Magazine},
volume={24},
number={190},
year={1971}
}

@Article{Spencer72,
title={A dynamical theory for the contrast of perfect and imperfect crystals in the scanning electron microscope using backscattered electrons},
author={Spencer, J. P. and Humphreys, C. J. and Hirsch, P. B.},
journal={Philosophical Magazine},
volume={26},
number={1},
year={1972}
}

@Article{Howie73,
title={Interpretation of electron micrographs and diffraction patterns of amorphous materials},
author={Howie, A. and Krivanek, O. L. and Rudee, M. L.},
journal={Philosophical Magazine},
volume={27},
number={1},
year={1973}
}

@Article{Baines73,
title={Backscattered images of dislocations and crystal defects},
author={Baines, M. and Clarke, D. R. and Howie, A.},
journal={Scanning Electron Microscopy Systems and Applications},
volume={18},
year={1973},
publisher={Inst. of Physics London}
}


@Article{Davenport73,
title={Rotation about nonortogonal axes},
author={Davenport, P. B.},
journal={American institute of Aeronautics and Astronautics},
volume={11},
number={6},
year={1973}
}


@Article{Venables73,
  title={Electron back-scattering patterns—{A} new technique for obtaining crystallographic information in the scanning electron microscope},
  author={Venables, J. A. and Harland, C. J.},
  journal={Philosophical Magazine},
  volume={27},
  number={5},
  pages={1193--1200},
  year={1973},
  publisher={Taylor \& Francis}
}

@Article{VanDyck76,
  title={The importance of backscattering in high-energy electron diffraction calculations},
  author={Van Dyck, D.},
  journal={physica status solidi (b)},
  volume={77},
  number={1},
  pages={301--308},
  year={1976}
}

@Inproceedings{Howie78,
title={Electron Diffraction (1927--1977)},
author={Howie, A. and Dobson, P. J. and Pendry, J. B. and Humphreys, C. J.},
booktitle={Eds., P. J. Dobson, J. B. Pendry and C. J. Humphreys. IOP Conf. Series},
volume={41},
year={1978}
}

@Article{Spencer80,
title={A multiple scattering transport theory for electron},
author={Spencer, J. P. and Humphreys, C. J.},
journal={Philosophical Magazine A},
volume={42},
number={4},
year={1980}
}

@article{Wolff85,
  title={Nomenclature for crystal families, Bravais-lattice types and arithmetic classes. {R}eport of the International Union of Crystallography Ad-Hoc Committee on the Nomenclature of Symmetry},
  author={De Wolff, P. M. and Belov, N. V. and Bertaut, E. F. and Buerger, M. J. and Donnay, J. D. H. and Fischer, W. and Hahn, Th. and Koptsik, V. A. and Mackay, A. L. and Wondratschek, H. and others},
  journal={Acta Crystallographica Section A},
  volume={41},
  number={3},
  pages={278--280},
  year={1985}
}


@Article{Leszczynski94,
  title={Thermal expansion of gallium nitride},
  author={Leszczynski, M. and Suski, T. and Teisseyre, H. and Perlin, P. and Grzegory, I. and Jun, J. and Porowski, S. and Moustakas, T. D.},
  journal={Journal of applied physics},
  volume={76},
  number={8},
  pages={4909--4911},
  year={1994}
}


@Article{Wilkinson95,
title={The effects of surface stress relaxation on electron channelling contrast images of dislocations},
author={Wilkinson, A. J. and Hirsch, P. B.},
journal={Philosophical Magazine A},
volume={72},
number={1},
year={1995}
}

@Article{DeGraef98,
title={A novel way to represent the 32 crystallographic point groups},
author={De Graef, M.},
journal={J. Matter: Educ},
volume={20},
year={1998}
}


@Article{Gao99,
title={Parametrization of the temperature dependence of the Debye-Waller factor},
author={Gao, H. X. and Peng, L. -M.},
journal={Acta Crystalographica},
volume={A},
number={55},
year={1999}
}

@Inbook{Goldberg01,
  chapter={Aluminum nitride},
  author={Goldberg, Y. and Levinshtein, M. E. and Rumyantsev, S. L. and Shur, M. S.},
  title={Properties of Advanced Semiconductor Materials GaN, AlN, InN, BN, SiC, SiGe},
  pages={31--47},
  publisher={John Wiley \& Sons, Inc., New York},
  year={2001}
}

@Inbook{Zubrilov01,
  chapter={Indium nitride},
  title={Properties of Advanced Semiconductor Materials GaN, AlN, InN, BN, SiC, SiGe},
  author={Zubrilov, A and Levinshtein, ME and Rumyantsev, SL and Shur, MS},
  publisher={John Wiley \& Sons, Inc., New York},
  pages={49--66},
  year={2001}
}

@Article{Nolze07,
  title={Image distortions in {SEM} and their influences on {EBSD} measurements},
  author={Nolze, Gert},
  journal={Ultramicroscopy},
  volume={107},
  number={2-3},
  pages={172--183},
  year={2007},
  publisher={Elsevier}
}

@Article{Schowalter09,
title={Temperature-dependent Debye-Waller factors for semiconductors with wurtzite-type structure},
author={Schowalter, M. and Rosenauer, A. and Titantah, J. T. and Lamoen, D.},
journal={Acta Crystallographica},
volume={A},
number={65},
year={2009}
}


@Article{Keller12,
  title={Transmission {EBSD} from 10 nm domains in a scanning electron microscope},
  author={Keller, R. R. and Geiss, R. H.},
  journal={Journal of Microscopy},
  volume={245},
  number={3},
  pages={245--251},
  year={2012},
  publisher={Wiley Online Library}
}

@Article{Trimby12,
  title={Orientation mapping of nanostructured materials using transmission {K}ikuchi diffraction in the scanning electron microscope},
  author={Trimby, P. W.},
  journal={Ultramicroscopy},
  volume={120},
  pages={16--24},
  year={2012},
  publisher={Elsevier}
}

@Article{Rowenhorst15,
  title={Tutorial: {C}onsistent representations of and conversions between 3{D} rotations},
  author={Rowenhorst, D. and Rollett, A. D. and Rohrer, G. S. and Groeber, M. and Jackson, M. and Konijnenberg, P. J. and De Graef, M.},
  journal={Modelling and Simulation in Materials Science and Engineering},
  volume={23},
  number={8},
  pages={083501},
  year={2015},
  publisher={IOP Publishing}
}


@article{Stefano,
  title={Digital direct electron imaging of energy-filtered electron backscatter diffraction patterns},
  author={Vespucci, S. and Winkelmann, A. and Naresh-Kumar, G. and Mingard, K. P. and Maneuski, D. and Edwards, P. R. and Day, A. P. and O'Shea, V. and Trager-Cowan, C.},
  journal={Physical Review B},
  volume={92},
  number={20},
  year={2015}
}


@article{Britton16,
  title={Tutorial: {C}rystal orientations and {EBSD}—{O}r which way is up?},
  author={Britton, T. B. and Jiang, J. and Guo, Y. and Vilalta-Clemente, A. and Wallis, D. and Hansen, L. N. and Winkelmann, A. and Wilkinson, A. J.},
  journal={Materials Characterization},
  volume={117},
  pages={113--126},
  year={2016},
  publisher={Elsevier}
}





@Book{goodhew88,
  title={Electron microscopy and analysis},
  author={Goodhew, P. J. and Humphreys, F. J.},
  year={1988},
  edition={2nd ed.},
  publisher={Taylor and Francis}
}


@book{Bunge,
  title={Texture analysis in materials science: mathematical methods},
  author={Bunge, H. -J.},
  year={1982},
  publisher={Butterworths}
}

@Book{Hearle72,
  title={The use of the scanning electron microscope},
  author={Hearle, J. W. S.y and Sparrow, J. T. and Cross, P. M.},
  year={1972},
  publisher={Pergamon}
}

@book{SEMbooklet,
  title={The operation of the transmission electron microscope},
  author={Chescoe, D. and Goodhew, P. J.},
  year={1984},
  publisher={Oxford Univ. London, New York, etc.: Press \& Royal Microscopical Soc}
}


@Book{Reimer13,
  title={Scanning electron microscopy: physics of image formation and microanalysis},
  author={Reimer, L.},
  year={2013}
}


@Book{electronMicroscopy,
author = {Hirsch, P. B. and Howie, A. and Nicholson, R. B. and Pahley, D. W.},
title = {Electron microscopy of thin crystals},
publisher = {London Butterworths},
year = {1965}
}

@Book{WilliamsCarter,
title={The transmission electron microscope},
author={Williams, D. B. and Carter, C. B.},
year={1996},
publisher={Springer}
}


@Book{IntTableCrysAteaching,
  title={International tables for crystallography: Brief teaching edition of volume A, Space-group symmetry},
  author={Hahn, T.},
  volume={1},
  year={1996},
  publisher={Kluwer Academic Pub}
}



@Book{IntTableCrysA,
  title={International tables for crystallography volume A.:Space-group symmetry},
  author={Hitchcock, P. B},
  year={1988},
  editor={ Hahn, T  } 
}


@incollection{IntTableCrysBe,
title={Electron diffraction and electron microscopy in structure determination},
  author={Cowley, J. M. and Goodman, P. and Vainshtein, B. K. and Zvyagin, B. B. and Dorset, D. L.},
  booktitle={International Tables for Crystallography Volume B: Reciprocal space},
  pages={276--345},
  year={2006},
  publisher={Springer}
}

@incollection{IntTableCrysBX,
  title={Dynamical theory of X-ray diffraction},
  author={Authier, A.},
  booktitle={International Tables for Crystallography Volume B: Reciprocal space},
  pages={534--551},
  year={2006},
  publisher={Springer}
}



@Book{MarcTEM03,
author = {De Graef, M.},
title = {Introduction to transmission electron microscopy},
publisher = {Cambridge university Press, New York},
year = {2003}
}



@InBook{Indenbom,
title={Elastic strain fields and dislocation mobility},
author={Indenbom, V. L. and Lothe, J.},
chapter={Dislocation interaction with surfaces},
year={2012},
publisher={Elsevier}
}



@Misc{teachingPointGroup,
author = {De Graef, M.},
title = {Teaching crystallographic and magnetic point group symmetry using three-dimensional rendered visualizations},
howpublished = {International Union of Crystallography},
year = {2008},
url = {https://www.iucr.org/education/pamphlets/23/full-text},
}


@Book{SoM,
author = {De Graef, M. and McHenry, M. E.},
title = {Structure of Materials; an introduction to crystallography, diffraction and symmetry},
publisher = {Cambridge University Press},
year = {2012},
edition = {second},
}

@misc{EMsoft,
  author = {De Graef, M. and Research Group},
  address = {Carnegie Mellon University},
  title = {EMsoft},
  year = {2013-2017},
  publisher = {GitHub},
  journal = {GitHub repository},
  url = {https://github.com/marcdegraef/EMsoft}
}



@Article{EMsoftpaper,
  title={EMsoft: open source software for electron diffraction/image simulations}, 
  volume={23}, 
  DOI={10.1017/S143192761700174X}, 
  number={S1}, 
  journal={Microscopy and Microanalysis}, 
  publisher={Cambridge University Press},
  author={Singh, S. and Ram, F. and De Graef, M.}, 
  year={2017}, 
  pages={212–213}}



@misc{3drot,
  author = {De Graef, M. and Research Group},
  publisher= {Research Group},
  address = {Carnegie Mellon University},
  title = {3Drotations},
  year = {2014-2017},
  journal = {GitHub repository},
  url = {https://github.com/marcdegraef/3Drotations}
}



@book{bell12,
  title={Low voltage electron microscopy: Principles and applications},
  author={Bell, D. C. and Erdman, N.},
  year={2012},
  publisher={John Wiley \& Sons}
}


@article{Hirsch11,
  title={Electron Microscopy of Thin Crystals (1965)},
  author={Hirsch, PB and Howie, A and Nicholson, RB and Pashley, DW and Whelan, MJ},
  journal={Butter worths, London},
  pages={415},
  year={11}
}

@incollection{Williams96,
  title={The transmission electron microscope},
  author={Williams, David B and Carter, C Barry},
  booktitle={Transmission electron microscopy},
  pages={3--17},
  year={1996},
  publisher={Springer}
}

