@article{lassen1994a,
    Author = {{Krieger Lassen}, N.C. and {Juul Jensen}, D. and Conradsen, K.},
    Year = {1994}, 
    Title = {On the statistical analysis of orientation data}, 
    Journal = {Acta Crystallographica A}, 
    Volume = {50}, 
    Pages = {741â€“748}}


@article{degraef2015h,
	Author = {Chen, Y.H. and Park S.U. and Wei, D. and Newstadt, G. and Jackson, M. and Simmons, J.P. and De Graef, M. and Hero, A.O.},
	Journal = {Microscopy and  MicroAnalysis},
	Pages = {739-752},
	Title = {A dictionary approach to {EBSD} indexing},
	Volume = {21},
	Year = {2015}}


@article{degraef2014r,
	Author = {Ro{\c{s}}ca, D. and Morawiec, A. and De Graef, M.},
	Journal = {Modeling and Simulations in Materials Science and Engineering},
	Pages = {075013},
	Title = {A new method of constructing a grid in the space of 3{D} rotations and its applications to texture analysis},
	Volume = {22},
	Year = {2014}}


@article{Pizer1987a,
	Author = {Pizer, S.M. and Amburn, E.P. and Austin, J.D. and Cromartie, R. and Geselowitz, A. and Greer, T. and Romney, B.T.H. and Zimmerman, J.B. and Zuiderveld, K.},
	Journal = {Computer Vision, Graphics and Image Processing},
	Keywords = {Adaptive Histogram Equalization},
	Pages = {355-368},
	Title = {Adaptive Histogram Equalization and its variation},
	Volume = {39},
	Year = {1987}}


@article{degraef2017k,
	Author = {Singh, S. and De Graef, M.},
	Date-Added = {2017-01-18 22:00:51 +0000},
	Date-Modified = {2017-01-18 22:01:40 +0000},
	Journal = {Microscoscopy and MicroAnalysis},
	Pages = {1-12},
	Title = {Dictionary Indexing of Electron Channeling Patterns},
	Volume = {23},
	Year = {2017}}


@article{degraef2017e,
	Author = {Marquardt, K. and De Graef, M. and Singh, S. and Marquardt, H. and Rosenthal, A. and Hiraga, T.},
	Journal = {American Mineralogist},
	Title = {Quantitative electron {b}ackscatter diffraction ({EBSD}) data analyses using the dictionary indexing ({DI}) approach: overcoming indexing difficulties in geological materials},
	Year = {2017 (in press)}}





@article{yoshioka1957a,
	Author = {Yoshioka, H.},
	Journal = {J. Phys. Soc. Japan},
	Pages = {618-628},
	Title = {Effect of {I}nelastic {W}aves on {E}lectron {D}iffraction},
	Volume = 12,
	Year = 1957}
	
@book{schwartz2009a,
	Author = {Schwartz, A. J. and Kumar, M. and Adams, B. L. and Field, D. P.},
	Publisher = {Springer},
	Title = {Electron Backscatter Diffraction in Materials Science},
	Year = {2009}}
	
@misc{IDL,
	Author = {Exelis Visual Information Solutions},
	Publisher = {Boulder, CO : Exelis Visual Information Solutions, 2016.},
	Title = {Interactive Data Language (version 8.6)},
	Url = {https://search.library.wisc.edu/catalog/9910207172502121},
	Year = {2016}}
	
@article{rosca2010a,
	Author = {Rosca, D.},
	Journal = {Astronomy \& Astrophysics},
	Pages = {A63},
	Title = {New uniform grids on the sphere},
	Volume = {520},
	Year = {2010}}


@article{degraef2013e,
	Author = {Callahan, P.G. and De Graef, M.},
	Date-Added = {2013-06-02 10:12:03 +0000},
	Date-Modified = {2013-11-05 13:38:02 +0000},
	Journal = {Microscopy and MicroAnalysis},
	Pages = {1255-1265},
	Title = {Dynamical {EBSD} Patterns {Part I}: Pattern Simulations},
	Volume = {19},
	Year = {2013}}


	
@article{singh2016,
	Author = {Singh, S. and De Graef, M.},
	Journal = {Modelling and Simulation in Material Science and Engineering},
	Title = {Orientation sampling for dictionary-based diffraction pattern indexing methods},
	Volume = {24},
	Year = {2016}}	
	
	
	
@book{KDE, 
    Author = {Scott, D.W. },
    Title  = {Multivariate Density Estimation: Theory, Practice, and Visualization},
    Publisher = {John Wiley \& Sons, New York, Chicester},
    Year = {1992}      
}	
	

@article{wright2015,
  title={Introduction and comparison of new {EBSD} post-processing methodologies},
  author={Wright, S. and Nowell, M. M. and Lindeman, S. P. and Camus, P. P. and De Graef, M. and Jackson, M. A.},
  journal={Ultramicroscopy},
  volume={159},
  pages={81--94},
  year={2015},
  publisher={Elsevier}
}


%% ------------ Intro references-------------

@article{howie1963,
  Title                    = {Inelastic scattering of electrons by crystals {I}. {T}he theory of small-angle inelastic scattering},
  Author                   = {Howie, A. },
  Volume                   = {271},
  Year                     = {1963},
  Journal                  = {Proceedings of the Royal Society of London A: Mathematical, Physical and Engineering Sciences}, 
  Pages                    = {267-287}
}


@inproceedings{joy1994,
  title={Channeling in and channeling out: {T}he origins of electron backscattering and electron channeling contrast},
  author={Joy, D.C.},
  booktitle={Proceedings of the annual meeting-Electrons Microscopy Society of {A}merica},
  pages={592-593},
  year={1994},
  organization={San Francisco Press}
}


@article{forbes2011,
  Title                    = {Thermal diffuse scattering in transmission electron microscopy},
  Author                   = {Forbes, B. D.},
  Volume                   = {111},
  Pages                    = {1670-1680},
  Year                     = {2011},
  Journal                  = {Ultramicroscopy}
}



@article{brodusch13,
  Title                    = {Nanometres-resolution Kikuchi patterns from materials science specimens with transmission electron forward scatter diffraction in the scanning electron microscope},
  Author                   = {Broducsh, N.  and Demers,  H. and Gauvin,  R. },
  Year                     = {2013},
  Volume                   = {250},
  Pages                    = {1-14},
  Journal                  = {Journal of Microscopy}
}

@article{trimby2014,
  Title                    = {Characterizing deformed ultrafine-grained and nanocrystalline materials using transmission Kikuchi diffraction in a scanning electron microscope},
  Author                   = {Trimby, P. W. and Cao, Y. and Chen, Z. and Han, S. and Hemker, K. J.  and Lian, J.  and Liao, X. and Rottmann, P. and Samudrala, S. and Sun, J.  and Wang, J. T. and Wheeler, J. and Cairney, J. M. },
  Year                     = {2014},
  Doi                      = {doi:10.1016/j.actamat.2013.09.026},
  Journal                  = {Acta Materialia},
  Volume                   = {62}, 
  Pages                    = {69-80}, 
  Publishers               = {Acta Materialia Inc.}
}

@article{rice2014,
  Title                    = {Specimen thickness effects on transmission {K}ikuchi patterns in the scanning electron microscope},
  Author                   = {Rice, K. P. and Keller, R. R.  and Stokyovich, M. P. },
  Year                     = {2014},
  Volume                   = {254}, 
  Pages                    = {129-131},  
  Journal                  = {Journal of Microscopy}
}

@article{mortazavi2015,
  Title                    = {The capability of {T}ransmission {K}ikuchi {D}iffraction technique for characterizing nano-grained oxide scales formed on a {F}e{C}r{A}l stainless steel},
  Author                   = {Mortazavi, N.  and Esmaily, M.  and Halvarsson, M. },
  Year                     = {2015},
  Doi                      = {doi:10.1016/j.matlet.2015.02.008},
  Journal                  = {Materials Letters},
  Volume                   = {147}, 
  Pages                    = {42-45},  
  Publishers               = {Elsevier}
}

@article{zielinki2015,
  Title                    = {Transmission {K}ikuchi diffraction and transmission electron forescatter imaging of electropolished and {FIB} manufactured {TEM} specimens},
  Author                   = {Zielinski, W.  and Plocinski, T.  and Kurzydlowski, K.J. },
  Year                     = {2015},
  Volume                   = {104}, 
  Pages                    = {42-48},  
  Journal                  = {Materials Characterization}
}

@article{wang2016,
  Title                    = {{E}ffect of microscope parameter and specimen thickness of spatial resolution of transmission electron backscatter diffraction},
  Author                   = {Wang, Y. Z.  and Kong, M. G. and Liu, Z. W. and Lin, C. C. and Zeng, Y. },
  Year                     = {2016},
  Volume                   = {264}, 
  Pages                    = {34-40},  
  Journal                  = {Journal of Microscopy}
}




@article{winkelmann2016,
    Author = {Winkelmann, A. and Nolze, G. and Vos, M. and Salvat-Pujol, F. and Werner, W.S.M.},
	Journal = {IOP Conference Series: Materials Science and Engineering},
	Number = {1},
	Pages = {012018},
	Title = {Physics-based simulation models for {EBSD}: advances and challenges},
	Volume = {109},
	Year = {2016},
}  

@article{winkelmann2017,
  Title                    = {Diffraction effects and inelastic electron transport in angle-resolved microscopic imaging applications},
  Author                   = {Winkelmann, A. and Nolze, G, and Vespucci, S, and Naresh-Kumar, G. and Trager-Cowan, C. and Vilalta-Clemente, A. and Wilkinson, A.J. and Vos, M. },
  Year                     = {2017},
  Journal                  = {Journal of Microscopy},
  Volume                   = {267}, 
  Pages                    = {330-346}
}


@book{reimerSEM, 
  Title                   = {Scanning {E}lectron {M}icroscopy -- {P}hysics of {I}mage {F}ormation and {M}icroanalysis},
  Author                  = {Reimer, L.}, 
  Publisher               = {Springer, Berlin},
  Year                    = {1998}
}

%% ------------ Other experimental observations ---------------------------

@article{shih2017,
  Title                    = {Effects of accelerating voltage and specimen thickness on the spatial resolution of transmission electron backscatter diffraction in {C}u},
  Author                   = {Shih, J.-W. and Kuo, K.-W. and Kuo, J.-C. and Kuo, T.-Y.},
  Year                     = {2017},
  Volume                   = {177}, 
  Pages                    = {43-52},  
  Journal                  = {Ultramicroscopy}
}


%% --------------------------MC model ----------------------------

@article{joy1989,
  Title                    = {An empirical stopping power relationship for low-energy electrons},
  Author                   = {Joy, D. C. and Luo, S. },
  Journal                  = {Scanning},
  Year                     = {1989}, 
  Volume                   = {11},
  Pages                    = {176-180}
}

	
@book{joy1995a,
	Author = {Joy, D.C.},
	Publisher = {Oxford University Press, USA},
	Title = {Monte Carlo Modeling for Electron Microscopy and Microanalysis},
	Year = {1995}
}


%%------------------- Nano Aluminum

@article{zhang2013,
author = {Bufford, D.  and Liu, Y. and Zhu, Y. and Bi, Z. and Jia, Q.X. and Wang, H. and Zhang, X.},
title = {Formation Mechanisms of High-density Growth Twins in Aluminum with High Stacking-Fault Energy},
journal = {Materials Research Letters},
volume = {1},
number = {1},
pages = {51-60},
year  = {2013},
publisher = {Taylor & Francis},
doi = {10.1080/21663831.2012.761654},
}

@article{zhang2011,
title = "High strength, epitaxial nanotwinned {A}g films",
journal = "Acta Materialia",
volume = "59",
number = "1",
pages = "93 - 101",
year = "2011",
author = "Bufford, D. and Wang, H. and Zhang, X.",
}


@article{PascalTKD,
  title={Energy-weighted dynamical scattering simulations of electron diffraction modalities in the scanning electron microscope},
  author={Pascal, E. and Singh, S. and Callahan, P. G. and Hourahine, B. and Trager-Cowan, Carol and De Graef, Marc},
  journal={Ultramicroscopy},
  volume={187},
  pages={98--106},
  year={2018},
  publisher={Elsevier}
}


@book{Maitland07,
  title={Electron backscatter diffraction (EBSD) technique and materials characterization examples},
  author={Maitland, T. and Sitzman, S.},
  volume={14},
  year={2007},
  publisher={Springer Berlin}
}

@incollection{Winkelmann09d,
  title={Dynamical simulation of electron backscatter diffraction patterns},
  author={Winkelmann, A.},
  booktitle={Electron backscatter diffraction in materials science},
  pages={21--33},
  year={2009},
  publisher={Springer}
}


@article{Marquardt17,
  title={Quantitative electron backscatter diffraction (EBSD) data analyses using the dictionary indexing (DI) approach: Overcoming indexing difficulties on geological materials},
  author={Marquardt, K. and De Graef, M. and Singh, S. and Marquardt, H. and Rosenthal, A. and Koizuimi, Sanae},
  journal={American Mineralogist},
  volume={102},
  number={9},
  pages={1843--1855},
  year={2017},
  publisher={Mineralogical Society of America}
}


@inproceedings{Reimer76,
  title={The effect of scattering models on the results of {M}onte {C}arlo calculations},
  author={Reimer, L. and Krefting, E. R.},
  number={460},
  pages={45},
  year={1976},
}


@article{Winkelmann13,
  title={Monte Carlo Simulations for Applications in Electron Backscatter Diffraction},
  author={Winkelmann, A. and Salvat-Pujol, F. and Werner, W.},
  journal={Microscopy and Microanalysis},
  volume={19},
  number={S2},
  pages={738--739},
  year={2013},
  publisher={Cambridge University Press}
}